:20:MT940-1511111253
:21:NONREF
:25:20041111/877321000EUR
:28C:0/3
:60M:C151109EUR200,00
:61:1511091109DR10,40NMSCNONREF//POS 2775118254
:86:005?20LASTSCHRIFT/BELAST.?21KARTENZAHLUNG?22PENNY MUENCHEN RAMERS
//MUEN?23CHEN RAM?242015-11-07T13:51:13 KFN 0  ?25VJ 1912?26Ref. 
38A15313A4223786/1642?32PENNY SAGT DANKE. 66300140
:62M:C151110EUR189,60
-