:20:TECHMIX
:25:PL89106000760000321000006053
:28C:00001/001
:34F:PLN0,
:13D:0506100744+0200
:61:0506100610D93,17FMSCNONREF//6127001795151001
6006127001795151001
:86:Przelew MultiCash+ Nr rach org pod 69 1010 1270 0004 5922 2100 0
000 Nazwa org.podat URZAD SKARBOWY KRAKOW STARE MIASTO GRODZKA 6
5 Typ identyf. N Id.uzup 1230819862 Okres platnosci 02M10 Symbol
formul. PIT Ident. zobow DECYZJA RYCZALT
:61:0506100610D93,16FMSCNONREF//2700179510100001
600612700179510100001
:86:Przelew MultiCash+ Nr rach org pod 69 1010 1270 0004 5922 2100 0
000 Nazwa org.podat URZAD SKARBOWY KRAKOW STARE MIASTO GRODZKA 6
5 Typ identyf. N Id.uzup 1230819862 Okres platnosci 02M10 Symbol
formul. PIT Ident. zobow DECYZJA RYCZALT
:90D:2PLN186,33