:20:STARTUMS
:25:99999999/888888
:28C:6/1
:60F:C100716EUR1931,42
:61:1008010802DR5,9N024NONREF
:86:809?00ENTGELTABSCHLUSS?106666?20ABRECHNUNG 30.07.2010?21INFOR
MATION ZUR ABRECHNUNG?22KONTOSTAND AM 30.07.2010?23          9999
9,99 +?24ABRECHNUNGSZEITRAUM VOM 01.?2507.2010 BIS 30.07.2010?26E
NTGELTE BIS 30.07.2010?27               9,99S?28GRUNDGEBUEHR?29 1
 X    9,99?60 9,99S?61BAR ODER GELDAUTOMAT?62 2 X    0,40?63 0,80
S
:61:1008010802CR0,0N024NONREF
:86:809?00ENTGELTABSCHLUSS?106666?20HOMEBANKING?21 GESCHAEFTSVORF
AELLE?22 2 X    0,10?23 0,20S?24SCHECKS/LASTSCHRIFTEN?25 GESCHAEF
TSVORFAELLE?26 1 X    0,40?27 0,40S?28RECHNUNGSABSCHLUSS?29 1 X  
  0,00?60BEREITSTELLUNG ELKO?61 GESCHAEFTSVORFAELLE?62 5 X    0,0
3?63 0,15S
:61:1008010802CR0,0N024NONREF
:86:809?00ENTGELTABSCHLUSS?106666?20KONTOAUSZUEGE?21 1 X    0,30?
22 0,30S?23PORTO?24 1 X    0,55?25 0,55S?26ABRECHNUNG 30.07.2010?
27               9,99S?28KONTOSTAND/RECHNUNGSABSCHLU?29SS?60     
     9.999,99 +?61AM 30.07.2010
:61:1008010802CR0,0N024NONREF
:86:809?00ENTGELTABSCHLUSS?106666?20RECHNUNGSNUMMER: 2010-07-31?2
1-02.07.28.302475
:62F:C100802EUR1925,52
-