:20:STARTUMS
:25:74061813/0100033626
:28C:15001/00001
:60F:C141201EUR21,68
:61:1504070407C0,12NMSCNONREF
:86:166?00GUTSCHRIFT?105699
?20EREF+STZV-EtE06042015-1113-?212
?22SVWZ+Zweite SEPA-Ueberweisu?23ng EREF: STZV-EtE06042015-1
?24113-2 IBAN: DE1474061813000?250033626 BIC: GENODEF1PFK AB
?26WE: Test?27ABWE+Test
?30GENODEF1PFK?31DE14740618130000033626
?32Schliffenbacher Josef
:61:1504070407C0,50NMSCNONREF
:86:166?00GUTSCHRIFT?105699
?20EREF+STZV-EtE06042015-1113-?211
?22SVWZ+Verwendungszweck EREF:?23 STZV-EtE06042015-1113-1 IB
?24AN: DE14740618130000033626 ?25BIC: GENODEF1PFK ABWE: Test
?26konto 2?27ABWE+Testkonto 2
?30GENODEF1PFK?31DE14740618130000033626
?32Schliffenbacher Josef
:62M:C150407EUR22,30
-
:20:STARTUMS
:25:74061813/0100033626
:28C:15001/00002
:60M:C150407EUR22,30
:61:1504070407D0,33NMSCKREF+
:86:177?00SEPA-ÜBERWEISUNG?10804
?20EREF+JS12345?21KREF+CCTI/VRNWSW/998/862E87
?22B438285A5DCEE?23SVWZ+Überweisung mit VR-Net
?24world EREF: JS12345 IBAN: D?25E14740618130000033626 BIC:
?26GENODEF1PFK
?30GENODEF1PFK?31DE14740618130000033626
?32Testkonto Schliffenbacher
:62F:C150407EUR21,97
-
:20:STARTUMS
:25:74061813/0000033626
:28C:15001/00001
:60F:C140428EUR25,72
:61:1504070407D0,62NTRFKREF+
:86:191?00UEBERWEISUNG?105699
?20KREF+STZV-PmInf06042015-111?213-2
?22SVWZ+SEPA Sammel-Ueberweisu?23ng mit 2 Ueberweisungen MSG
?24-ID: STZV-Msg06042015-1113
:61:1504070407C0,33NMSCNONREF
:86:166?00GUTSCHRIFT?10804
?20EREF+JS12345?21SVWZ+Überweisung mit VR-Net
?22world EREF: JS12345 IBAN: D?23E58740618130100033626 BIC:
?24GENODEF1PFK
?30GENODEF1PFK?31DE58740618130100033626
?32Josef Schliffenbacher
:62F:C150407EUR25,43
-
:20:STARTUMS
:25:74061813/0100033626
:28C:15002/00001
:60F:C150407EUR21,97
:61:1504080408D0,45NDDTNONREF
:86:105?00BASISLASTSCHRIFT?105699
?20EREF+PC-VAB-EtE06042015-110?213-1
?22MREF+Mandat2?23CRED+DE79ZZZ00000000584
?24SVWZ+BEITRAG 2015 Huber Ger?25hard Tennis JAHR 0,15 Fussb
?26all JAHR 0,10 Tennis JAHR 0?27,20 EREF: PC-VAB-EtE0604201
?285-1103-1 MREF: Mandat2 CRED?29: DE79ZZZ00000000584 IBAN:
?30GENODEF1PFK?31DE14740618130000033626
?32Testverein
?34991
?60DE14740618130000033626 BIC:?61 GENODEF1PFK ABWE
:62M:C150408EUR21,52
-
:20:STARTUMS
:25:74061813/0100033626
:28C:15002/00002
:60M:C150408EUR21,52
:61:1504080408D0,35NDDTNONREF
:86:105?00BASISLASTSCHRIFT?105699
?20EREF+PC-VAB-EtE06042015-110?213-2
?22MREF+Mandat1?23CRED+DE79ZZZ00000000584
?24SVWZ+BEITRAG 2015 Maier Max?25 Fussball JAHR 0,10 Tennis
?26JAHR 0,15 Fussball JAHR 0,1?270 EREF: PC-VAB-EtE06042015-
?281103-2 MREF: Mandat1 CRED: ?29DE79ZZZ00000000584 IBAN: DE
?30GENODEF1PFK?31DE14740618130000033626
?32Testverein
?34991
?6014740618130000033626 BIC: G?61ENODEF1PFK ABWE:
:61:1504080408C0,54NMSCNONREF
:86:166?00GUTSCHRIFT?10804
?20EREF+JS7654343?21SVWZ+Testbuchung EREF: JS76
?2254343 IBAN: DE1474061813000?230033626 BIC: GENODEF1PFK
?30GENODEF1PFK?31DE14740618130000033626
?32Josef Schliffenbacher
:62F:C150408EUR21,71
-
:20:STARTUMS
:25:74061813/0000033626
:28C:15002/00001
:60F:C150407EUR25,43
:61:1504080408C0,80NDDTKREF+
:86:192?00LASTSCH.EINR.E.V.?105699
?20KREF+PC-VAB-PmInf06042015-1?21103-1
?22SVWZ+SEPA Sammel-Basislasts?23chrift mit 2 Lastschriften
?24MSG-ID: PC-VAB-Msg06042015-?251103
:61:1504080408D0,54NMSCKREF+
:86:177?00SEPA-ÜBERWEISUNG?10804
?20EREF+JS7654343?21KREF+CCTI/VRNWSW/1000/A48C2
?229355529555B89?23SVWZ+Testbuchung EREF: JS76
?2454343 IBAN: DE5874061813010?250033626 BIC: GENODEF1PFK
?30GENODEF1PFK?31DE58740618130100033626
?32Demokonto
:62F:C150408EUR25,69
-
